<?xml version="1.0" encoding="UTF-8"?>
<OAI-PMH xmlns="http://www.openarchives.org/OAI/2.0/" xmlns:xsi="http://www.w3.org/2001/XMLSchema-instance" xsi:schemaLocation="http://www.openarchives.org/OAI/2.0/ http://www.openarchives.org/OAI/2.0/OAI-PMH.xsd">
  <ListRecords>
    <record>
      <header>
        <identifier>aleph-publish:000958473</identifier>
      </header>
      <metadata>
        <record xmlns="http://www.ddb.de/professionell/mabxml/mabxml-1.xsd">
          <leader>01543nM2.01200024------h</leader>
          <controlfield tag="LDR">01543nM2.01200024------h</controlfield>
          <controlfield tag="FMT">MH</controlfield>
          <datafield tag="001" ind1="-" ind2="1">
            <subfield code="a">HT015044333</subfield>
          </datafield>
          <datafield tag="002" ind1="b" ind2="1">
            <subfield code="a">20070412</subfield>
          </datafield>
          <datafield tag="003" ind1="-" ind2="1">
            <subfield code="a">20071106</subfield>
          </datafield>
          <datafield tag="020" ind1="a" ind2="1">
            <subfield code="a">981519598</subfield>
            <subfield code="b">DNB</subfield>
          </datafield>
          <datafield tag="026" ind1="-" ind2="1">
            <subfield code="a">HBZHT015044333</subfield>
          </datafield>
          <controlfield tag="030">a|1daz|z|||37</controlfield>
          <datafield tag="036" ind1="a" ind2="1">
            <subfield code="a">XA-DE</subfield>
          </datafield>
          <datafield tag="037" ind1="b" ind2="1">
            <subfield code="a">ger</subfield>
          </datafield>
          <controlfield tag="050">a|b|||||||||||</controlfield>
          <controlfield tag="051">sfk|z|||</controlfield>
          <datafield tag="070" ind1="-" ind2="1">
            <subfield code="a">466</subfield>
          </datafield>
          <datafield tag="070" ind1="a" ind2="1">
            <subfield code="a">DNB</subfield>
          </datafield>
          <datafield tag="070" ind1="b" ind2="1">
            <subfield code="a">6</subfield>
          </datafield>
          <datafield tag="078" ind1="n" ind2="1">
            <subfield code="a">NWBib-6</subfield>
          </datafield>
          <datafield tag="080" ind1="-" ind2="1">
            <subfield code="a">60</subfield>
          </datafield>
          <datafield tag="100" ind1="b" ind2="1">
            <subfield code="p">Burmeister, Helmut</subfield>
            <subfield code="9">(DE-588)108767825</subfield>
            <subfield code="b">[Hrsg.]</subfield>
          </datafield>
          <datafield tag="200" ind1="b" ind2="1">
            <subfield code="e">Ausstellung König Jérôme und der Reformstaat Westphalen</subfield>
            <subfield code="d">2006 - 2007</subfield>
            <subfield code="c">Hofgeismar</subfield>
            <subfield code="9">(DE-588)10150752-5</subfield>
          </datafield>
          <datafield tag="204" ind1="b" ind2="1">
            <subfield code="k">Verein für Hessische Geschichte und Landeskunde Kassel 1834</subfield>
            <subfield code="b">Zweigverein</subfield>
            <subfield code="h">Hofgeismar</subfield>
            <subfield code="9">(DE-588)2085821-8</subfield>
          </datafield>
          <datafield tag="208" ind1="b" ind2="1">
            <subfield code="k">Stadtmuseum</subfield>
            <subfield code="h">Hofgeismar</subfield>
            <subfield code="9">(DE-588)2085118-2</subfield>
          </datafield>
          <datafield tag="331" ind1="-" ind2="1">
            <subfield code="a">König Jérôme und der Reformstaat Westphalen</subfield>
          </datafield>
          <datafield tag="335" ind1="-" ind2="1">
            <subfield code="a">ein junger Monarch und seine Zeit im Spannungsfeld von Begeisterung und Ablehnung ; [vorgelegt zum 25-jährigen Bestehen des VHG-Zweigvereins Hofgeismar als Mitträgerverein des Stadtmuseums Hofgeismar ; dieser Band ist Themen- und Begleitband zur Ausstellung "König Jérôme und der Reformstaat Westphalen" im Stadtmuseum Hofgeismar (4.11.2006 - 28.5.2007)]</subfield>
          </datafield>
          <datafield tag="359" ind1="-" ind2="1">
            <subfield code="a">hrsg. von Helmut Burmeister</subfield>
          </datafield>
          <datafield tag="403" ind1="-" ind2="1">
            <subfield code="a">1. Aufl.</subfield>
          </datafield>
          <datafield tag="410" ind1="-" ind2="1">
            <subfield code="a">Hofgeismar</subfield>
          </datafield>
          <datafield tag="412" ind1="-" ind2="1">
            <subfield code="a">Verein für Hess. Geschichte und Landeskunde e.V. 1834 Kassel, Zweigverein Hofgeismar</subfield>
          </datafield>
          <datafield tag="425" ind1="a" ind2="1">
            <subfield code="a">2006</subfield>
          </datafield>
          <datafield tag="433" ind1="-" ind2="1">
            <subfield code="a">400 S.</subfield>
          </datafield>
          <datafield tag="434" ind1="-" ind2="1">
            <subfield code="a">Ill., graph. Darst., Kt.</subfield>
          </datafield>
          <datafield tag="451" ind1="-" ind2="1">
            <subfield code="a">Hessische Forschungen ; 47</subfield>
          </datafield>
          <datafield tag="453" ind1="-" ind2="1">
            <subfield code="a">HT001231617</subfield>
          </datafield>
          <datafield tag="455" ind1="-" ind2="1">
            <subfield code="a">47</subfield>
          </datafield>
          <datafield tag="456" ind1="-" ind2="1">
            <subfield code="a">47</subfield>
          </datafield>
          <datafield tag="461" ind1="-" ind2="1">
            <subfield code="a">&lt;&lt;Die&gt;&gt; Geschichte unserer Heimat ; 45</subfield>
          </datafield>
          <datafield tag="463" ind1="-" ind2="1">
            <subfield code="a">HT003779625</subfield>
          </datafield>
          <datafield tag="465" ind1="-" ind2="1">
            <subfield code="a">45</subfield>
          </datafield>
          <datafield tag="466" ind1="-" ind2="1">
            <subfield code="a">45</subfield>
          </datafield>
          <datafield tag="540" ind1="a" ind2="1">
            <subfield code="a">3-925333-47-9</subfield>
            <subfield code="b">kart.</subfield>
          </datafield>
          <datafield tag="574" ind1="-" ind2="1">
            <subfield code="a">06,B48,0504</subfield>
          </datafield>
          <datafield tag="700" ind1="-" ind2="1">
            <subfield code="a">943</subfield>
          </datafield>
          <datafield tag="700" ind1="n" ind2="1">
            <subfield code="a">76</subfield>
          </datafield>
          <datafield tag="700" ind1="n" ind2="1">
            <subfield code="a">240000</subfield>
          </datafield>
          <datafield tag="700" ind1="n" ind2="1">
            <subfield code="a">240500</subfield>
          </datafield>
          <datafield tag="902" ind1="-" ind2="1">
            <subfield code="p">Jérôme</subfield>
            <subfield code="c">Westfalen, König</subfield>
            <subfield code="d">1784-1860</subfield>
            <subfield code="9">(DE-588)118557432</subfield>
          </datafield>
          <datafield tag="902" ind1="-" ind2="1">
            <subfield code="g">Königreich Westfalen</subfield>
            <subfield code="9">(DE-588)4065783-8</subfield>
          </datafield>
          <datafield tag="902" ind1="-" ind2="1">
            <subfield code="f">Ausstellung</subfield>
          </datafield>
          <datafield tag="902" ind1="-" ind2="1">
            <subfield code="g">Hofgeismar &lt;2006&gt;</subfield>
          </datafield>
          <datafield tag="903" ind1="-" ind2="1">
            <subfield code="a">2134</subfield>
          </datafield>
          <controlfield tag="SYS">000958473</controlfield>
          <datafield tag="705" ind1="a" ind2="1">
            <subfield code="a">943.506074</subfield>
            <subfield code="c">943.06</subfield>
            <subfield code="e">DDC22ger</subfield>
            <subfield code="f">074</subfield>
            <subfield code="g">435</subfield>
            <subfield code="g">434125</subfield>
          </datafield>
          <datafield tag="PSW" ind1="-" ind2="1">
            <subfield code="g">Königreich Westphalen</subfield>
            <subfield code="9">(DE-588)4065783-8</subfield>
          </datafield>
          <datafield tag="PSW" ind1="-" ind2="1">
            <subfield code="g">Westfalen</subfield>
            <subfield code="h">Königreich</subfield>
            <subfield code="9">(DE-588)4065783-8</subfield>
          </datafield>
          <datafield tag="PSW" ind1="-" ind2="1">
            <subfield code="g">Königreich Westphalen</subfield>
            <subfield code="9">(DE-588)4065783-8</subfield>
          </datafield>
          <datafield tag="PSW" ind1="-" ind2="1">
            <subfield code="g">Westfalen</subfield>
            <subfield code="h">Königreich</subfield>
            <subfield code="9">(DE-588)4065783-8</subfield>
          </datafield>
          <datafield tag="PSW" ind1="-" ind2="1">
            <subfield code="p">Jérôme Bonaparte</subfield>
            <subfield code="c">Westphalen, König</subfield>
            <subfield code="d">1784-1860</subfield>
            <subfield code="9">(DE-588)118557432</subfield>
          </datafield>
          <datafield tag="PSW" ind1="-" ind2="1">
            <subfield code="p">Hieronymus</subfield>
            <subfield code="c">Westfalen, König</subfield>
            <subfield code="d">1784-1860</subfield>
            <subfield code="9">(DE-588)118557432</subfield>
          </datafield>
          <datafield tag="PSW" ind1="-" ind2="1">
            <subfield code="p">Jérôme</subfield>
            <subfield code="c">Westphalen, König</subfield>
            <subfield code="d">1784-1860</subfield>
            <subfield code="9">(DE-588)118557432</subfield>
          </datafield>
          <datafield tag="PSW" ind1="-" ind2="1">
            <subfield code="p">Bonaparte, Napoléon-Jérôme</subfield>
            <subfield code="d">1784-1860</subfield>
            <subfield code="9">(DE-588)118557432</subfield>
          </datafield>
          <datafield tag="PSW" ind1="-" ind2="1">
            <subfield code="p">Jérôme</subfield>
            <subfield code="c">Westphalie, Roi</subfield>
            <subfield code="d">1784-1860</subfield>
            <subfield code="9">(DE-588)118557432</subfield>
          </datafield>
          <datafield tag="PSW" ind1="-" ind2="1">
            <subfield code="p">Jérôme</subfield>
            <subfield code="c">Prinz</subfield>
            <subfield code="d">1784-1860</subfield>
            <subfield code="9">(DE-588)118557432</subfield>
          </datafield>
          <datafield tag="PSW" ind1="-" ind2="1">
            <subfield code="p">Bonaparte, Josephe Jerome</subfield>
            <subfield code="d">1784-1860</subfield>
            <subfield code="9">(DE-588)118557432</subfield>
          </datafield>
          <datafield tag="PSW" ind1="-" ind2="1">
            <subfield code="p">Montfort, Jérôme &lt;&lt;de&gt;&gt;</subfield>
            <subfield code="d">1784-1860</subfield>
            <subfield code="9">(DE-588)118557432</subfield>
          </datafield>
          <datafield tag="PSW" ind1="-" ind2="1">
            <subfield code="p">Buonaparte, Jérôme</subfield>
            <subfield code="d">1784-1860</subfield>
            <subfield code="9">(DE-588)118557432</subfield>
          </datafield>
          <datafield tag="PSW" ind1="-" ind2="1">
            <subfield code="p">Bonaparte, Jérôme</subfield>
            <subfield code="d">1784-1860</subfield>
            <subfield code="9">(DE-588)118557432</subfield>
          </datafield>
          <datafield tag="PSW" ind1="-" ind2="1">
            <subfield code="p">Napoleon, Hieronymus</subfield>
            <subfield code="d">1784-1860</subfield>
            <subfield code="9">(DE-588)118557432</subfield>
          </datafield>
          <datafield tag="PSW" ind1="-" ind2="1">
            <subfield code="p">Hieronymus</subfield>
            <subfield code="c">Westphalen, König</subfield>
            <subfield code="d">1784-1860</subfield>
            <subfield code="9">(DE-588)118557432</subfield>
          </datafield>
          <datafield tag="PSW" ind1="-" ind2="1">
            <subfield code="p">Buonaparte, Girolamo</subfield>
            <subfield code="d">1784-1860</subfield>
            <subfield code="9">(DE-588)118557432</subfield>
          </datafield>
          <datafield tag="PSW" ind1="-" ind2="1">
            <subfield code="p">Jérôme Bonaparte</subfield>
            <subfield code="c">Westphalen, König</subfield>
            <subfield code="d">1784-1860</subfield>
            <subfield code="9">(DE-588)118557432</subfield>
          </datafield>
          <datafield tag="PSW" ind1="-" ind2="1">
            <subfield code="p">Hieronymus</subfield>
            <subfield code="c">Westfalen, König</subfield>
            <subfield code="d">1784-1860</subfield>
            <subfield code="9">(DE-588)118557432</subfield>
          </datafield>
          <datafield tag="PSW" ind1="-" ind2="1">
            <subfield code="p">Jérôme</subfield>
            <subfield code="c">Westphalen, König</subfield>
            <subfield code="d">1784-1860</subfield>
            <subfield code="9">(DE-588)118557432</subfield>
          </datafield>
          <datafield tag="PSW" ind1="-" ind2="1">
            <subfield code="p">Bonaparte, Napoléon-Jérôme</subfield>
            <subfield code="d">1784-1860</subfield>
            <subfield code="9">(DE-588)118557432</subfield>
          </datafield>
          <datafield tag="PSW" ind1="-" ind2="1">
            <subfield code="p">Jérôme</subfield>
            <subfield code="c">Westphalie, Roi</subfield>
            <subfield code="d">1784-1860</subfield>
            <subfield code="9">(DE-588)118557432</subfield>
          </datafield>
          <datafield tag="PSW" ind1="-" ind2="1">
            <subfield code="p">Jérôme</subfield>
            <subfield code="c">Prinz</subfield>
            <subfield code="d">1784-1860</subfield>
            <subfield code="9">(DE-588)118557432</subfield>
          </datafield>
          <datafield tag="PSW" ind1="-" ind2="1">
            <subfield code="p">Bonaparte, Josephe Jerome</subfield>
            <subfield code="d">1784-1860</subfield>
            <subfield code="9">(DE-588)118557432</subfield>
          </datafield>
          <datafield tag="PSW" ind1="-" ind2="1">
            <subfield code="p">Montfort, Jérôme &lt;&lt;de&gt;&gt;</subfield>
            <subfield code="d">1784-1860</subfield>
            <subfield code="9">(DE-588)118557432</subfield>
          </datafield>
          <datafield tag="PSW" ind1="-" ind2="1">
            <subfield code="p">Buonaparte, Jérôme</subfield>
            <subfield code="d">1784-1860</subfield>
            <subfield code="9">(DE-588)118557432</subfield>
          </datafield>
          <datafield tag="PSW" ind1="-" ind2="1">
            <subfield code="p">Bonaparte, Jérôme</subfield>
            <subfield code="d">1784-1860</subfield>
            <subfield code="9">(DE-588)118557432</subfield>
          </datafield>
          <datafield tag="PSW" ind1="-" ind2="1">
            <subfield code="p">Napoleon, Hieronymus</subfield>
            <subfield code="d">1784-1860</subfield>
            <subfield code="9">(DE-588)118557432</subfield>
          </datafield>
          <datafield tag="PSW" ind1="-" ind2="1">
            <subfield code="p">Hieronymus</subfield>
            <subfield code="c">Westphalen, König</subfield>
            <subfield code="d">1784-1860</subfield>
            <subfield code="9">(DE-588)118557432</subfield>
          </datafield>
          <datafield tag="PSW" ind1="-" ind2="1">
            <subfield code="p">Buonaparte, Girolamo</subfield>
            <subfield code="d">1784-1860</subfield>
            <subfield code="9">(DE-588)118557432</subfield>
          </datafield>
          <datafield tag="700" ind1=" " ind2=" ">
            <subfield code="a">LTQC</subfield>
          </datafield>
          <datafield tag="700" ind1=" " ind2=" ">
            <subfield code="a">LMPC</subfield>
          </datafield>
          <datafield tag="OWN" ind1=" " ind2=" ">
            <subfield code="a">P0001</subfield>
            <subfield code="n">466 - Paderborn: UB</subfield>
          </datafield>
          <datafield tag="655" ind1=" " ind2=" ">
            <subfield code="y">König Jérôme und der Reformstaat Westphalen</subfield>
            <subfield code="t">VIEW</subfield>
            <subfield code="u">http://digitool.hbz-nrw.de:1801/webclient/DeliveryManager?application=DIGITOOL-3&amp;owner=resourcediscovery&amp;custom_att_2=simple_viewer&amp;user=GUEST&amp;pid=2136021</subfield>
          </datafield>
          <datafield tag="TXT" ind1=" " ind2=" ">
            <subfield code="a">OCR-TEXT: INHALTSVERZEICHNIS VORWORTE LANDRAT DR. UDO SCHLITZBERGER 4 BRGERMEISTER HEINRICH SATTLER 5 VERONIKA JGER / HELMUT BURMEISTER DAS KNIGREICH WESTPHALEN 7 VOLKER KNPPEL VERFASSUNG UND RECHTSWESEN IM KNIGREICH 21 WESTPHALEN PETER WIEDEN JERME BONAPARTE. IM SCHATTEN DES TITANEN 43 SABINE KTTELWESCH KATHARINA KNIGIN VON WESTPHALEN (1783 - 1835) 73 PETER WIEDEN DIE GELIEBTE DES KNIGS / DIANA VON PAPPENHEIM 95 AM WESTPHLISCHEN HOF SIEGFRIED LOTZE DIE FAMILIEN VON SCHLOTHEIM UND JERMES TOCHTER 125 MELANIE GRFIN VON WIETERSHEIM HEINRICH KEIM SAVOIR VIVRE - FRANZSISCHE EINFLSSE IN 129 WESTPHLISCHER ZEIT STEFAN HARTMANN ZU DEN INNEREN VERHLTNISSEN IM KNIGREICH 161 WESTPHALEN VOLKER PETRI DER MONITEUR WESTPHALIEN 187 ASTRID VON BUTTLAR (HRSG.) DER DRNBERGSCHE AUFSTAND 1809 209 CHRISTIAN WCHTER DIE MARTINS UND DER AUFSTAND DES OBERSTEN VON 223 DRNBERG FRIEDRICH-KARL BAAS ZWEI PFARRER IN OPPOSITION ZUM KNIGREICH 229 WESTPHALEN STEFAN HARTMANN NEUE QUELLEN ZUR GESCHICHTE DER JUDEN IM 241 KNIGREICH WESTPHALEN MAGDA THIERLING DIE ANNAHME FESTER FAMILIENNAMEN DURCH DIE 255 JUDEN IM KNIGREICH WESTPHALEN SIEGFRIED LOTZE AUGUST THEODOR ZADIG, DER LEIBARZT DER KNIGIN 269 VON WESTPHALEN SIEGFRIED LOTZE MORGENLAND IM SCHWABENLAND 281 BERND RHODIUS / WOLFGANG BHM DAS GELD IM KNIGREICH WESTPHALEN 289 ALBRECHT HOFFMANN WEGE DER WIRTSCHAFT - INSTRUMENTE DER POLITIK / 339 WASSERSTRAEN GERD FENNER ZU PLANUNG UND REALITT VON ARCHITEKTUR UND 353 STDTEBAU IN KASSEL ZUR ZEIT DES KNIGREICHS WESTPHALEN MICHA RHRING DER GESUNDBRUNNEN HOFGEISMAR UND DAS 375 KNIGREICH WESTPHALEN EIKC ERDEL DER WESTPHLISCHE DOMNENSTREIT 379 THORSTEN SMIDT/ ARNULF SIEBENEICKER AUSBLICK: KNIG LUSTIK!? EINE AUSSTELLUNG ... 2008 391 HELMUT BURMEISTER WATERLOO 393 VERONIKA JGER/HELMUT BURMEISTER ANFANG UND ENDE DES KNIGREICHS WESTPHALEN 395</subfield>
          </datafield>
          <datafield tag="PLK" ind1=" " ind2=" ">
            <subfield code="a">SRU</subfield>
            <subfield code="l">PAD01</subfield>
            <subfield code="b">000558957</subfield>
            <subfield code="m">45.^König Jérôme und der Reformstaat Westphalen.^1. Aufl..^2006</subfield>
            <subfield code="n">&lt;&lt;Die&gt;&gt; Geschichte unserer Heimat.^</subfield>
          </datafield>
          <datafield tag="PLK" ind1=" " ind2=" ">
            <subfield code="a">SRU</subfield>
            <subfield code="l">PAD01</subfield>
            <subfield code="b">000202866</subfield>
            <subfield code="m">47.^König Jérôme und der Reformstaat Westphalen.^1. Aufl..^2006</subfield>
            <subfield code="n">Hessische Forschungen zur geschichtlichen Landes- und Volkskunde.^</subfield>
          </datafield>
          <datafield tag="LOC" ind1=" " ind2=" ">
            <subfield code="m">BOOK</subfield>
            <subfield code="a">P0001</subfield>
            <subfield code="b">31</subfield>
            <subfield code="d">LMPC1197</subfield>
            <subfield code="i">07/4513</subfield>
            <subfield code="n">20</subfield>
            <subfield code="k">20070516</subfield>
            <subfield code="5">976209-10</subfield>
          </datafield>
        </record>
      </metadata>
    </record>
  </ListRecords>
</OAI-PMH>
